<?xml version="1.0" encoding="UTF-8"?>
<record xmlns="http://www.loc.gov/MARC21/slim" xmlns:xsi="http://www.w3.org/2001/XMLSchema-instance" xsi:schemaLocation="http://www.loc.gov/MARC21/slim http://www.loc.gov/standards/marcxml/schema/MARC21slim.xsd">
<leader>     nam a2200301 a 4500</leader>
<controlfield tag="001">001628365</controlfield>
<controlfield tag="003">NNU</controlfield>
<controlfield tag="005">20061010170814.0</controlfield>
<controlfield tag="008">000616s1940    ir      a     000 0 ara d</controlfield>
<datafield tag="035" ind1="9" ind2=" ">
<subfield code="a">NYUb12155259</subfield>
</datafield>
<datafield tag="035" ind1=" " ind2=" ">
<subfield code="a">(CStRLIN)NYUG00-B1920</subfield>
</datafield>
<datafield tag="040" ind1=" " ind2=" ">
<subfield code="a">NjP</subfield>
<subfield code="c">NjP</subfield>
<subfield code="d">NNU</subfield>
</datafield>
<datafield tag="050" ind1=" " ind2="4">
<subfield code="a">BP156</subfield>
<subfield code="b">.T79 1940</subfield>
</datafield>
<datafield tag="066" ind1=" " ind2=" ">
<subfield code="c">(3</subfield>
</datafield>
<datafield tag="090" ind1=" " ind2=" ">
<subfield code="a">BP156</subfield>
<subfield code="b">.T79 1940</subfield>
</datafield>
<datafield tag="100" ind1="1" ind2=" ">
<subfield code="6">880-01</subfield>
<subfield code="a">Tunukābunī, Muḥammad.</subfield>
</datafield>
<datafield tag="240" ind1="1" ind2="0">
<subfield code="6">880-02</subfield>
<subfield code="a">Īḍāḥ al-Farāʼid fī ʻilm al-uṣūl</subfield>
</datafield>
<datafield tag="245" ind1="1" ind2="0">
<subfield code="6">880-03</subfield>
<subfield code="a">Hādhā huwa al-kitāb al-mustaṭāb al-musammá bi-Īḍāḥ al-Farāʼid fī ʻilm al-uṣūl /</subfield>
<subfield code="c">Muḥammad al-Tunukābunī.</subfield>
</datafield>
<datafield tag="246" ind1="1" ind2="0">
<subfield code="a">Īḍāh al-Farāʼid fī ʻilm al-uṣūl</subfield>
</datafield>
<datafield tag="260" ind1=" " ind2=" ">
<subfield code="6">880-04</subfield>
<subfield code="a">[Tehran] :</subfield>
<subfield code="b">Maṭbaʻat al-Islāmīyah,</subfield>
<subfield code="c">1358 [1940]</subfield>
</datafield>
<datafield tag="300" ind1=" " ind2=" ">
<subfield code="a">2 v. ;</subfield>
<subfield code="c">25 cm.</subfield>
</datafield>
<datafield tag="650" ind1=" " ind2="0">
<subfield code="a">Islamic law.</subfield>
</datafield>
<datafield tag="650" ind1=" " ind2="0">
<subfield code="a">Shiites.</subfield>
</datafield>
<datafield tag="600" ind1="1" ind2="0">
<subfield code="a">Anṣārī, Murtaḍá ibn Muḥammad Amīn,</subfield>
<subfield code="d">1799 or 1800-1864.</subfield>
<subfield code="t">Rasāʼil.</subfield>
</datafield>
<datafield tag="880" ind1="1" ind2=" ">
<subfield code="6">100-01/</subfield>
<subfield code="a">تنكابنى، محمد.</subfield>
</datafield>
<datafield tag="880" ind1="1" ind2="0">
<subfield code="6">240-02/</subfield>
<subfield code="a">ايضاح الفرائد في علم الاصول</subfield>
</datafield>
<datafield tag="880" ind1="1" ind2="0">
<subfield code="6">245-03/</subfield>
<subfield code="a">هذا هو الكتاب المستطات المسمى بايضاح الفرائد في علم الاصول /</subfield>
<subfield code="c">محمد التنكابنى.</subfield>
</datafield>
<datafield tag="880" ind1=" " ind2=" ">
<subfield code="6">260-04/</subfield>
<subfield code="a">[Tehran] :</subfield>
<subfield code="b">مطبعة الاسلامية،</subfield>
<subfield code="c">١٣٥٨.</subfield>
</datafield>
<datafield tag="OWN" ind1=" " ind2=" ">
<subfield code="a">GENERAL</subfield>
</datafield>
<datafield tag="998" ind1=" " ind2=" ">
<subfield code="a">20000616</subfield>
<subfield code="d">20000616</subfield>
<subfield code="d">20000616</subfield>
<subfield code="n">NNU</subfield>
<subfield code="s">1</subfield>
<subfield code="t">c</subfield>
<subfield code="z">p</subfield>
</datafield>
<datafield tag="AVA" ind1=" " ind2=" ">
<subfield code="a">NYU50</subfield>
<subfield code="b">BOBST</subfield>
<subfield code="c">Main Collection</subfield>
<subfield code="d">BP156 .T79 1940</subfield>
<subfield code="e">unavailable</subfield>
<subfield code="t">Unavailable</subfield>
<subfield code="f">1</subfield>
<subfield code="g">1</subfield>
<subfield code="h">Y</subfield>
<subfield code="i">0</subfield>
<subfield code="j">MAIN</subfield>
<subfield code="k">0</subfield>
</datafield>
</record>
